
@online{noauthor_software_nodate,
	title = {Software Engineering},
	url = {https://www.unibw.de/software-engineering},
	titleaddon = {Software-Engineering},
	urldate = {2022-07-25},
	langid = {german},
	file = {Snapshot:/Users/maximilianhelfrich/Zotero/storage/SUFWSRHS/software-engineering.html:text/html},
}
@book{Sommerville10,
  abstract = {The book presents a broad perspective on software systems engineering, concentrating on widely used techniques for developing large-scale systems. Building on the widely acclaimed strengths of the 8th edition, the 9th edition updates readers with the latest developments in the field while remaining the most current Software Engineering text in the market with quality trusted coverage and practical case studies. This text is structured into 6 parts: Introduction; Requirements Engineering; Design; Software Development; Verification and Validation; Management. An up-to-date reference for software engineers.},
  added-at = {2017-05-14T14:19:12.000+0200},
  address = {Harlow, England},
  author = {Sommerville, Ian},
  biburl = {https://www.bibsonomy.org/bibtex/2094b37a4bb8b242d7694cdc9142e0d80/flint63},
  edition = 9,
  file = {eBook:2010/Sommerville10.pdf:PDF;Amazon Search inside:http\://www.amazon.de/gp/reader/0137035152/:URL},
  groups = {public},
  interhash = {3cb472cdd9d5e4f37480b38846de450e},
  intrahash = {094b37a4bb8b242d7694cdc9142e0d80},
  isbn = {978-0-13-703515-1},
  keywords = {01841 105 book shelf software engineering development intro},
  publisher = {Addison-Wesley},
  timestamp = {2018-04-16T12:01:54.000+0200},
  title = {Software Engineering},
  username = {flint63},
  year = 2010
}
